@article{losses-cables,
    title = {On the Study of Losses in Cables and Transformers in Nonsinusoidal Conditions},
    author = {Fernando Lessa Tofoli, Sergio Manuel Rivera Sanhueza, and Aloísio de Oliveira},
    journal = {IEEE Transaction on Power Delivery},
    volume = {21},
    pages = {971-978},
    DOI = {https://doi.org/10.1109/TPWRD.2006.870986}
}
@article{impact-inverters,
    title = {Impact of high-frequency harmonics (0–9 kHz) generated by grid-connected inverters on distribution transformers},
    author = {Jalil Yaghoobi, Abdulrahman Alduraibi, Daniel Martin, Firuz Zare, Daniel Eghbal, Rizah Memisevic},
    journal = {Electrical Power and Energy Systems},
    volume = {122},
    year = {2020},
    pages = {106-177},
    DOI = {https://doi.org/10.1016/j.ijepes.2020.106177}
}
@article{ieee-1159,
    title = {IEEE 1159-1995 - IEEE Recommended Practice for Monitoring Electric Power Quality},
    author = {IEEE Standards Board},
    year = {1995}
}
@article{effective-power-quality,
    title = {Effective Power quality improvement using Dynamic Activatecompensation system with Renewable grid interfaced sources},
    author = {Ritesh Dash, Sarat Chandra Swain},
    journal = {Ain Shams Engineering Journal},
    volume = {9},
    year = {2018},
    pages = {2897-2905},
    DOI = {https://doi.org/10.1016/j.asej.2017.09.007}
}
@book{math-methods,
    title = {Mathematical Methods for Physics and Engineering},
    author = {K. F. Riley, M. P. Hobson, S. J. Bence},
    edition = {3},
    url = {https://www.cambridge.org/core/books/mathematical-methods-for-physics-and-engineering/FC466374D5B94E86D969100070CA6483},
    publisher = {Cambridge University Press},
    isbn = {9780511810763},
    year = {2012}
}
@book{intro-probability,
    title = {Introduction To Probability},
    author = {Dimitri P. Bertsekas, John N. Tsitsiklis},
    edition = {1},
    url = {http://www.mit.edu/~dimitrib/probbook.html},
    publisher = {Athena Scientific},
    isbn = {9781886529236},
    year = {2008}
}
@book{intro-linalg,
    title = {Introduction to Linear Algebra},
    edition = {5},
    author = {Gilbert Strang},
    url = {http://math.mit.edu/~gs/linearalgebra/},
    publisher = {Wellesley-Cambridge Press},
    isbn = {9780980232776},
    year = {2016}
}
@book{finite-dim-vecspace,
    title = {Finite-Dimensional Vector Spaces},
    edition = {2},
    author = {Paul R. Halmos},
    url = {https://www.springer.com/gp/book/9780387900933},
    publisher = {Springer},
    isbn = {9781461263876},
    year = {1958}
}
@book{dsp-pqd,
    title = {Signal Processing of Power Quality Disturbances},
    author = {Math H. J. Bollen, Irene Y. H. Gu},
    url = {https://ieeexplore.ieee.org/servlet/opac?bknumber=5224658},
    publisher = {Wiley-IEEE Press},
    isbn = {9780471931300},
    year = {2006}
}
